@article{zhang2020air,
    title={Air quality prediction using machine learning methods},
    author={Zhang, J. and Ding, W.},
    journal={Journal of Environmental Sciences},
    volume={85},
    pages={11--23},
    year={2020},
    publisher={Elsevier}
}

@article{wang2019deep,
    title={Deep learning for air quality prediction},
    author={Wang, Y. and Liu, M. and Bao, Z. and Zhang, S.},
    journal={Environmental Science and Technology},
    volume={53},
    number={12},
    pages={6745--6756},
    year={2019},
    publisher={ACS Publications}
}

@book{hastie2009elements,
    title={The elements of statistical learning: data mining, inference, and prediction},
    author={Hastie, T. and Tibshirani, R. and Friedman, J.},
    year={2009},
    publisher={Springer Science \& Business Media}
}

@article{li2021comparative,
    title={Comparative study of machine learning algorithms for air quality forecasting},
    author={Li, X. and Chen, H. and Wang, H.},
    journal={Atmospheric Environment},
    volume={245},
    pages={118--129},
    year={2021},
    publisher={Elsevier}
}

@inproceedings{chen2018random,
    title={Random forest model for air quality prediction},
    author={Chen, L. and Ho, Y.},
    booktitle={2018 IEEE International Conference on Big Data},
    pages={2323--2330},
    year={2018},
    organization={IEEE}
}

@article{liu2020feature,
    title={Feature engineering for air quality forecasting: A comprehensive review},
    author={Liu, H. and Zhang, Q. and Chen, X.},
    journal={Environmental Modelling \& Software},
    volume={132},
    pages={104--115},
    year={2020},
    publisher={Elsevier}
}

@article{yang2021deep,
    title={Deep learning approaches for air quality prediction: A survey},
    author={Yang, W. and Li, T.},
    journal={Environmental Science and Pollution Research},
    volume={28},
    pages={6537--6551},
    year={2021},
    publisher={Springer}
}

@article{zhao2019lstm,
    title={LSTM network for air quality forecasting},
    author={Zhao, J. and Deng, F. and Cai, Y.},
    journal={Applied Sciences},
    volume={9},
    number={14},
    pages={2831},
    year={2019},
    publisher={MDPI}
}

@article{wu2020review,
    title={A review of air quality forecasting methods},
    author={Wu, X. and Wang, Y. and He, S. and Wu, Z.},
    journal={Atmospheric Environment},
    volume={231},
    pages={117--132},
    year={2020},
    publisher={Elsevier}
}

@article{kim2019hybrid,
    title={Hybrid approach combining statistical and machine learning methods for air quality prediction},
    author={Kim, S. and Park, H.},
    journal={Journal of Environmental Management},
    volume={241},
    pages={168--177},
    year={2019},
    publisher={Elsevier}
} 